@misc{NIST2023,
	author = {},
	title = {NIST Atomic Spectra Database},
	howpublished = {\url{ https://dx.doi.org/10.18434/T4W30F}},
	year = {November 2024},
}

@book{szabo1996modern,
  title={Modern Quantum Chemistry: Introduction to Advanced Electronic Structure Theory},
  author={Szabo, A. and Ostlund, N.S.},
  isbn={9780486691862},
  lccn={lc96010775},
  series={Dover Books on Chemistry},
  url={https://books.google.be/books?id=6mV9gYzEkgIC},
  year={1996},
  publisher={Dover Publications}
}

@misc{Dreuw2005,
   author = {Andreas Dreuw and Martin Head-Gordon},
   doi = {10.1021/cr0505627},
   issn = {00092665},
   issue = {11},
   journal = {Chemical Reviews},
   title = {Single-reference ab initio methods for the calculation of excited states of large molecules},
   volume = {105},
   year = {2005}
}
